2902 5272
468 780 737 845 SATIRARUM
761 780 788 843 1.
812 783 842 842 2.

152 951 286 1015 Nomine
300 951 459 1034 deceptus,
473 974 587 1035 poenas
601 951 689 1015 dedit
702 973 801 1034 usque
815 972 966 1034 superque
1171 960 1207 1009 65
1297 955 1302 968 “

150 1051 250 1114 Quam
266 1049 342 1112 satis
356 1058 414 1125 est,
429 1049 545 1132 pugnis
560 1071 666 1112 caesus
681 1049 820 1131 ferroque
834 1047 962 1132 petituS,

148 1148 302 1211 Exclusus
317 1149 381 1209 sore
395 1169 465 1208 cum
484 1148 687 1226 Iungerenus
702 1146 783 1209 foret
798 1146 894 1209 intus.

149 1246 233 1309 Huic
248 1246 274 1308 si
291 1246 430 1308 mutonis
444 1245 547 1307 verbis
563 1244 644 1306 mala
658 1249 749 1307 tanta
762 1243 899 1308 videntis

146 1341 273 1406 Diceret
288 1343 361 1405 haec
375 1343 516 1405 animus:
540 1348 560 1376 “
572 1341 658 1406 Quid
673 1342 721 1404 vis
736 1341 822 1404 tibi?
843 1339 999 1425 numquid
1008 1359 1071 1422 ego
1083 1360 1104 1400 a
1117 1343 1149 1402 te

146 1441 269 1521 Magno
284 1447 473 1523 prognatum
489 1440 619 1522 deposco
632 1438 760 1502 consule
772 1459 915 1501 cunnum
1173 1452 1206 1503 7⁰

145 1539 358 1621 velatumque
371 1538 453 1601 stola
467 1560 536 1601 mea
549 1560 622 1599 cum
637 1536 813 1600 conferbuit
828 1536 874 1598 ira
884 1536 925 1598 ?''

144 1636 232 1700 Quid
247 1635 467 1718 responderet?
510 1640 531 1670 “
543 1635 664 1718 Magno
680 1642 766 1717 patre
782 1641 857 1696 nata
871 1632 974 1716 puella
988 1632 1069 1695 est.”
1100 1669 1103 1675 ·

144 1736 191 1796 At
205 1741 323 1816 quanto
338 1734 465 1797 meliora
479 1739 586 1797 monet
600 1733 839 1816 pugnantiaque
854 1732 924 1794 istis

145 1832 244 1895 Dives
258 1832 326 1914 opis
341 1839 454 1894 natura
468 1854 550 1908 suae,
564 1838 601 1894 tu
617 1831 642 1894 si
658 1831 750 1894 modo
765 1836 848 1893 recte

145 1929 334 2011 Dispensare
348 1929 426 1992 velis
440 1951 477 1992 ac
492 1951 554 1992 non
570 1928 719 2011 fugienda
733 1927 875 2011 petendis

144 2026 335 2090 immiscere.
379 2027 445 2090 'lhro
461 2026 538 2089 vitio
553 2048 696 2089 rerumne
710 2025 828 2088 labores

143 2124 202 2186 Nil
218 2125 330 2187 referre
344 2125 458 2207 putas?
503 2125 616 2201 Quare,
631 2146 670 2187 ne
685 2123 844 2206 poeniteat
858 2128 901 2201 te,

146 2222 262 2286 Desine
277 2227 434 2285 matronas
448 2222 604 2299 sectaricr,
619 2221 701 2285 unde
715 2221 829 2285 laboris

143 2319 221 2383 Plus
234 2320 359 2383 haurire
374 2320 447 2382 mali
461 2329 509 2383 est
524 2342 618 2404 quam
632 2342 671 2383 ex
686 2341 718 2382 re
733 2318 892 2402 decerpere
907 2317 1039 2382 fructus.

144 2417 213 2481 Nec
228 2418 330 2500 magis
344 2418 417 2480 hnic
430 2418 513 2480 inter
527 2418 634 2481 niveos
648 2417 823 2499 viridesque
838 2416 959 2499 lapillos
1172 2435 1207 2479 uo

148 2516 215 2596 (Sit
230 2515 306 2579 licet
320 2516 389 2593 hoc,
404 2516 563 2593 Cerintho,
579 2517 682 2596 tuum)
702 2521 845 2578 tenerum
862 2522 910 2576 est
923 2514 1025 2576 femur
1039 2521 1094 2575 aut
1107 2535 1178 2576 orus

145 2612 287 2690 Rectius,
301 2620 395 2695 atque
410 2612 504 2676 etiarn
521 2613 631 2676 melius
646 2635 789 2694 persaepe
806 2617 932 2694 togatae
944 2617 1006 2674 est.

145 2710 235 2773 Adde
249 2710 312 2772 huc
326 2709 408 2793 quod
423 2733 555 2774 mercem
572 2711 637 2774 sine
653 2710 731 2773 fucis
747 2715 861 2792 gestat,
876 2715 981 2791 aperte

144 2808 238 2872 Quod
252 2808 361 2872 venale
375 2809 470 2871 habet
484 2809 632 2885 ostendit,
648 2830 705 2871 nec
721 2807 748 2870 si
762 2807 838 2890 quid
853 2806 976 2869 honesti
990 2810 1038 2870 cst

143 2904 253 2968 Iactat
267 2906 422 2989 habetque
436 2906 550 2989 palam,
567 2905 688 2989 quaerit
703 2927 763 2989 quo
777 2904 883 2987 turpia
896 2903 984 2967 celet.
1172 2921 1205 2967 85

144 3003 289 3087 Regibus
303 3003 354 3066 hic
368 3025 436 3066 mos
450 3009 508 3081 cst,
525 3004 579 3066 ubi
592 3026 688 3086 equos
704 3009 880 3067 mercantur
888 3028 898 3079 ;
922 3006 1043 3085 opertos

145 3099 336 3183 Inepieiunt,
351 3123 390 3164 nc
405 3101 432 3163 si
447 3101 539 3164 facies
554 3108 592 3163 ut
606 3123 696 3183 saepe
710 3101 820 3164 deeora

143 3197 240 3262 Molli
252 3198 336 3262 fulta
349 3198 426 3282 pede
440 3204 488 3262 est
501 3205 675 3281 emptorem
689 3198 820 3261 inducat
833 3197 984 3274 hiantem,

143 3295 240 3361 Quod
254 3295 399 3380 pulchrae
412 3296 530 3374 clunes,
545 3297 636 3360 breve
652 3297 735 3380 quod
750 3284 853 3379 caput,
868 3296 964 3358 ardua
977 3292 1091 3359 cervix.

143 3393 217 3458 Hoc
231 3393 280 3457 illi
294 3401 393 3457 reete:
416 3417 455 3458 ne
469 3394 605 3477 corporis
619 3393 738 3477 optima
754 3393 874 3477 Lyncei
1171 3408 1207 3461 90

140 3490 361 3574 contemplere
375 3491 483 3568 oculis,
500 3492 648 3575 Hypsaeo
662 3490 780 3554 caecior
794 3491 848 3552 illa

142 3587 234 3653 Quae
248 3589 331 3651 malo
345 3596 421 3652 snut
435 3596 564 3672 spectes.
609 3589 639 3652 0
656 3589 744 3652 crus!
767 3611 786 3652 o
801 3588 944 3652 brachiai
990 3589 1110 3653 verum

142 3685 298 3770 Depugis,
314 3694 435 3765 nasuta,
450 3687 538 3750 brevi
552 3687 648 3751 latere
662 3709 698 3750 ac
712 3686 790 3770 pede
803 3687 899 3770 longo
914 3691 971 3752 est

141 3782 311 3848 Matronae
325 3792 446 3867 praeter
460 3784 570 3848 faeiem
586 3785 631 3847 nil
645 3806 767 3849 cernere
783 3785 891 3868 possis,

141 3880 264 3960 Cetera,
279 3881 313 3944 ni
329 3882 421 3945 Catia
435 3888 493 3961 est,
508 3882 642 3946 demissa
657 3888 743 3946 veste
758 3882 907 3966 tegentis.
1166 3899 1204 3952 95

71 4075 217 4192 ‘wirma
227 4077 277 4126 md
288 4077 310 4127 it
321 4092 370 4125 was
381 4078 425 4127 tho
441 4079 527 4127 notiou
537 4079 566 4127 of
579 4078 636 4127 inti·
669 4079 713 4128 tho
725 4079 810 4128 merito
820 4079 849 4128 of
857 4079 901 4129 the
912 4078 1002 4128 several
1014 4077 1136 4142 readmgo,
1146 4078 1196 4129 and
1204 4078 1247 4129 the

71 4158 127 4206 noy
162 4143 169 4155 ’
211 4144 435 4206 mffoetaman’o
446 4144 569 4207 daughter
580 4144 637 4192 thet
669 4159 738 4192 oense
749 4144 777 4193 of
786 4145 829 4192 the
839 4159 948 4206 passage.

71 4208 155 4256 enim
165 4212 250 4272 :any
259 4208 316 4269 (boe
322 4223 371 4256 uno
382 4208 480 4256 nomine
489 4208 636 4272 deeeptus)].
702 4211 742 4257 86.
760 4208 881 4273 Reyides]
902 4208 948 4257 Sco
963 4212 1022 4257 note
1036 4224 1069 4257 on
1086 4208 1114 4258 C.
1130 4209 1148 4258 ἰ.
1165 4211 1189 4257 4.
1206 4211 1246 4258 14.

71 4286 219 4385 mna
233 4272 336 4385 rpaysthe
347 4287 395 4336 any
407 4272 479 4338 body.
513 4272 605 4321 ‘Fore'
616 4273 637 4320 io
671 4272 701 4321 ln
712 4289 790 4386 seruga
790 4274 861 4386 IttISS.
870 4273 922 4322 this
933 4273 983 4321 lino
994 4273 1014 4321 is
1022 4273 1065 4322 the
1076 4274 1210 4337 begian
1221 4275 1250 4322 of

115 4352 131 4385 ι
192 4352 247 4386 roo
275 4343 281 4364 ⁸
317 4337 366 4385 ω]
669 4353 747 4386 enew
804 4339 847 4386 ire.

88 4400 144 4466 [m.
156 4400 275 4466 Matio]
293 4401 527 4465 'lhebeotrcoding
537 4401 634 4450 accord·
701 4405 741 4451 91.
769 4404 890 4466 Hypsaeo
916 4402 1014 4451 metior
1037 4403 1098 4467 illa]
1133 4403 1168 4451 Το
1194 4401 1246 4452 thir

72 4472 136 4530 ngte
147 4464 191 4515 the
203 4466 276 4515 1188.
286 4466 307 4513 is
325 4466 447 4515 ‘ridenti’
480 4467 571 4522 Rittrr,
581 4467 635 4514 who
668 4482 762 4515 woman
781 4467 933 4531 Porphyrion
947 4468 1015 4531 givos
1026 4468 1069 4516 tho
1081 4483 1152 4517 nome
1163 4467 1245 4516 Plotia

72 4545 101 4578 υ
119 4530 341 4587 *τί1ω11’ωα1ω
356 4531 474 4595 njoeular
491 4530 586 4580 remark
604 4548 635 4580 on
667 4547 695 4578 or
716 4532 822 4580 Plautia.
856 4532 902 4579 We
924 4531 996 4581 know
1015 4548 1047 4581 no
1068 4548 1135 4580 more
1154 4533 1182 4580 of
1200 4532 1245 4581 he

72 4594 281 4654 ridende'wtteh
290 4594 545 4644 Heindorfdetended.
568 4597 634 4645 Both
668 4597 729 4644 than
749 4597 814 4645 what
834 4597 877 4645 the
896 4601 951 4646 text
972 4597 1028 4646 tells
1048 4612 1086 4645 us.
1117 4596 1156 4644 Of
1172 4595 1244 4646 Catia

72 4658 308 4724 demendam]
668 4661 797 4724 Cruqnius'
810 4662 930 4711 Scholiest
941 4662 996 4710 tollo
1008 4677 1079 4709 ason
1090 4661 1206 4710 anecdota
1217 4662 1243 4712 in

86 4723 143 4791 81.]
160 4724 221 4774 Thi·
238 4728 296 4788 port
312 4723 343 4773 of
356 4724 399 4773 the
416 4725 496 4773 Sotire
513 4726 534 4773 is
551 4726 635 4774 rather
668 4726 838 4774 confirmation
858 4727 886 4775 of
902 4727 946 4775 her
965 4726 1096 4774 ahnmeless
1116 4726 1242 4792 impursty,

72 4790 166 4847 hcm,
181 4789 265 4855 partly
276 4789 338 4838 hom
354 4789 399 4838 the
412 4791 533 4838 variation
551 4791 579 4839 or*
591 4791 635 4840 the
668 4790 748 4839 which
760 4806 860 4854 appears
871 4796 898 4839 to
914 4792 974 4840 heve
986 4791 1046 4840 been
1063 4791 1205 4854 proverbial,
1217 4809 1244 4843 u

72 4853 130 4905 188.
163 4853 257 4917 Ihopo
273 4852 287 4903 1
304 4852 366 4903 rhen
382 4858 428 4903 not
443 4855 474 4903 be
492 4856 633 4904 considered
666 4854 801 4919 Hypsaeo'r
819 4855 943 4905 blmdnorr
964 4870 1042 4904 seems
1060 4856 1112 4906 aloe
1132 4859 1160 4906 te
1179 4856 1243 4907 bava

72 4916 633 4983 mhtidimffldoelineenteringnpon
666 4919 736 4969 been.
