2902 5272
350 759 536 823 EPODON
564 759 713 838 LIBER,
738 761 788 824 12.
1102 761 1165 824 303

144 931 238 995 Unde
252 931 397 1015 expedire
411 953 475 995 non
490 930 662 995 amicorum
677 936 795 1015 queant
1003 948 1036 994 as

187 1029 301 1093 Libera
315 1029 445 1093 consilia
459 1051 515 1094 nec
530 1030 738 1094 contumeliae
752 1052 876 1114 graves,

144 1128 207 1191 Sed
220 1128 300 1191 alius
315 1128 406 1191 ardor
419 1134 476 1191 aut
490 1127 611 1211 puellae
626 1127 775 1192 candidae

185 1227 254 1289 Aut
267 1225 376 1289 teretis
390 1225 477 1309 pueri
493 1225 622 1309 longam
637 1224 817 1290 renodantis
831 1247 962 1290 comam.

87 1425 92 1458 1
110 1425 143 1459 ou
153 1410 182 1460 C.
199 1411 216 1458 i.
232 1413 256 1459 1.
275 1412 307 1460 28
328 1409 553 1474 [‘round·limbed'
585 1410 719 1459 ‘Dianam’
729 1410 832 1475 (Argon.
844 1426 867 1459 v.
877 1409 945 1474 381).
971 1410 1007 1459 Aa
1016 1412 1060 1461 the
1068 1410 1165 1460 wordis

87 1475 118 1540 r.]
151 1479 186 1523 As
202 1480 230 1525 to
250 1476 363 1539 ‘longam
380 1477 491 1532 oomnm‚’
514 1491 554 1524 see
584 1482 630 1525 not
645 1475 722 1524 found
747 1491 795 1538 any
816 1475 895 1524 where
916 1476 972 1528 elsa.
991 1477 1096 1540 perhaps
1113 1476 1165 1525 this

87 1543 121 1590 10.
146 1543 203 1589 311.
248 1541 435 1598 ‘Renodantis,'
472 1540 552 1588 which
585 1541 670 1588 writer
681 1539 740 1589 tooh
752 1540 773 1589 it
783 1539 846 1589 from
864 1540 968 1596 Horace,
986 1541 1122 1604 mistakiug
1136 1556 1165 1589 or

87 1605 152 1654 ander
188 1607 319 1669 ‘untyiug,
353 1605 403 1653 and
438 1605 553 1668 allowiug
584 1605 692 1668 altcriug
703 1605 746 1654 the
758 1605 880 1669 meaning.
915 1605 1163 1655 Ifind‘reuidentis'

87 1687 146 1732 upon
157 1671 196 1717 his
212 1670 354 1726 shouldcrs,’
367 1685 450 1718 means
466 1670 553 1718 rather
584 1671 610 1717 iu
618 1669 662 1718 the
669 1669 790 1718 Venetiau
799 1669 892 1718 edition
900 1671 929 1719 of
932 1670 1004 1726 1483,
1016 1671 1065 1719 sud
1072 1670 1166 1719 Gesner

87 1735 152 1783 =ina
168 1735 230 1784 huot
246 1736 296 1785 like
316 1752 331 1783 a
348 1735 404 1798 girl.
438 1734 552 1783 Valerius
584 1736 708 1782 mentions
718 1735 775 1783 that
793 1735 896 1797 reading
910 1735 974 1782 from
991 1735 1035 1784 tha
1047 1735 1164 1784 Bodleian

87 1815 140 1849 uses
157 1802 179 1848 it
196 1801 222 1848 in
242 1801 285 1849 the
302 1800 374 1849 other
384 1814 461 1856 sense,
473 1799 554 1848 which
587 1799 649 1856 MS„
661 1801 708 1849 but
719 1801 789 1849 there
800 1800 861 1849 isno
873 1800 997 1865 wcightto
1008 1801 1038 1850 be
1049 1799 1165 1851 attached

93 1865 150 1914 does
160 1871 205 1914 uot
214 1866 296 1914 notice
305 1885 311 1912 ε
329 1871 345 1892 ‘⁴
354 1865 436 1927 Teque
452 1863 553 1913 renoda-
585 1868 613 1914 to
623 1865 653 1914 it.

87 1931 169 1980 uenis
197 1946 225 1980 ao
255 1946 314 1994 pace
333 1929 485 1987 fruentem,''
506 1929 553 1978 ie.

405 2230 618 2305 CARMEN
643 2231 734 2304 XII.

144 2417 234 2481 QUID
248 2415 309 2479 tibi
322 2416 381 2494 vis,
397 2416 510 2480 mulier
524 2415 625 2498 nigris
640 2416 828 2499 dignissima
842 2419 964 2484 barris?

187 2515 322 2577 Munera
336 2514 414 2597 qnid
430 2514 509 2576 mihi
525 2515 639 2597 quidve
655 2515 785 2579 tabellas

143 2613 252 2675 Mittis
267 2635 323 2675 ncc
338 2612 427 2675 firmo
438 2613 550 2696 juveni
565 2635 664 2697 neque
679 2613 764 2676 naris
780 2614 912 2678 obesae?

185 2711 332 2794 Namque
347 2711 491 2793 sagacius
506 2734 588 2773 unus
604 2712 724 2789 odoror,

144 2810 281 2893 Polypus
295 2832 336 2872 au
351 2809 458 2892 gravis
473 2810 604 2872 hirsutis
619 2811 713 2873 cubet
727 2808 831 2874 hircus
846 2811 880 2874 in
895 2813 962 2891 alis,
1022 2833 1037 2879 5

188 2909 292 2972 Quam
307 2909 392 2970 canis
408 2931 477 2972 acer
491 2909 546 2970 ubi
562 2908 660 2971 lateat
675 2931 737 2972 sus.

145 3006 208 3071 Qui
224 3007 316 3068 sudor
330 3005 423 3069 vietis
437 3012 470 3069 et
485 3029 577 3088 quarn
595 3006 695 3068 malus
710 3005 847 3091 undique
863 3009 1012 3073 membris

187 3104 307 3168 Crescit
321 3104 405 3181 odor,
421 3126 492 3167 cum
508 3126 587 3187 pene
603 3103 705 3167 soluto

144 3202 335 3265 indomitam
351 3207 496 3285 properat
510 3203 627 3265 rabiem
644 3203 749 3266 sedare
758 3230 768 3280 3
791 3225 891 3288 neque
906 3204 953 3267 illi

187 3301 207 3362 J
209 3322 260 3362 am
275 3307 382 3364 manet
397 3300 527 3362 humida
541 3308 625 3363 creta
640 3300 783 3383 colorque
1005 3322 1037 3366 10

146 3398 287 3462 Stercore
301 3400 425 3462 fucatus
440 3399 595 3476 crocodili,
605 3399 734 3481 jamque
750 3401 891 3463 subando

186 3497 286 3559 Tentu
300 3497 413 3559 cubilia
430 3503 573 3580 tectaque
589 3496 728 3579 rumpit!

144 3594 204 3657 Vel
219 3617 289 3657 mea
303 3617 374 3657 cum
390 3595 489 3658 saevis
504 3595 608 3677 agitat
623 3593 751 3658 fastidia
765 3596 886 3659 verbis:

186 3693 316 3755 Inachia
330 3693 462 3776 langues
477 3693 582 3754 miuus
597 3715 632 3755 ac
648 3716 697 3756 me
706 3719 716 3771 5

144 3790 307 3854 Inachiam
322 3796 370 3854 ter
384 3799 473 3854 nocte
490 3797 588 3873 potes,
600 3791 679 3853 mihi
695 3815 814 3875 semper
829 3792 869 3855 ad
881 3815 980 3855 unum
1006 3811 1037 3857 15

188 3888 297 3952 Mollis
312 3912 398 3972 opus
444 3890 554 3953 Pereat
570 3890 651 3953 male
666 3913 744 3973 quae
759 3898 791 3954 te

145 3987 257 4050 Lesbia
272 3987 433 4070 quaerenti
448 3995 573 4049 taurum
589 3988 778 4051 monstravit
793 3987 937 4066 inertem,

187 4085 268 4147 Cum
285 4085 362 4146 mihi
379 4086 461 4148 Cous
476 4086 597 4148 adesset
613 4088 781 4169 Amyntac,

145 4183 244 4266 Cujus
258 4183 292 4245 in
307 4182 460 4246 indomito
475 4183 669 4247 constantior
685 4184 815 4266 inguine
829 4206 944 4247 nervus

187 4281 292 4344 Quam
307 4303 389 4343 nova
403 4281 533 4344 collibus
549 4282 640 4344 arbor
654 4281 804 4344 inhaeret.
1003 4301 1037 4346 ao

146 4377 323 4441 Muricibus
338 4379 441 4462 Tyriis
456 4379 586 4442 iteratae
602 4378 716 4442 vellera
730 4379 819 4443 lanae

187 4477 247 4539 Cui
262 4478 532 4560 properabautur?
555 4477 625 4539 Tibi
642 4499 763 4559 nempe,

146 4573 195 4636 Ne
210 4574 291 4639 foret
305 4576 447 4659 aequales
464 4577 546 4639 inter
562 4575 695 4638 conviva
710 4571 813 4659 magis
827 4597 921 4659 quem

188 4672 345 4757 Diligeret
358 4675 469 4738 mulier
485 4699 540 4737 sna
555 4697 650 4757 quum
667 4680 707 4736 te.

147 4771 175 4834 Ο
191 4794 249 4855 ogo
263 4795 328 4836 non
341 4773 428 4851 felix,
443 4796 538 4856 quam
554 4780 590 4835 tu
606 4771 691 4853 fugis
707 4778 744 4835 ut
757 4777 852 4855 pavet
866 4793 950 4835 acres
1003 4789 1036 4834 ao

190 4871 285 4954 Agna
297 4871 386 4954 lupos
400 4894 587 4955 capreaeque
601 4868 723 4934 leones!
