2902 5272
231 745 378 809 ruoux
402 707 671 808 surmiuuu
694 742 749 807 ur
769 739 1106 807 errsronueuu.

204 916 291 964 Ulissi
298 915 363 979 juris
373 914 419 964 tibi
430 913 541 979 peierati,
553 912 580 963 C.
593 914 629 963 ΙΙ.
640 913 692 962 viii.

204 981 273 1029 Uxor
284 981 396 1044 pauperis
407 980 484 1044 Ibyci,
496 981 523 1028 C.
537 979 589 1027 111.
600 995 640 1028 xv.

204 1046 281 1095 Velox
291 1060 421 1094 amoenum
432 1061 503 1108 suepe
514 1045 671 1102 Lucretilem,
682 1043 711 1094 C.
722 1043 744 1092 1.
755 1043 814 1092 xvii.

204 1111 286 1166 Vides,
298 1115 327 1159 ιιι
338 1111 389 1158 alte
400 1113 451 1159 stet
460 1111 518 1158 nive
529 1109 667 1166 candidum,
677 1109 704 1158 C.
717 1109 739 1157 1.
749 1109 782 1157 ix.

205 1174 260 1224 Vile
271 1176 366 1239 potabis
378 1174 478 1224 modicis
490 1175 616 1230 Subinum,
626 1174 653 1224 C.
666 1173 688 1222 1.
699 1189 739 1221 xx.

206 1240 277 1288 Vites
287 1239 404 1288 hinnuleo
414 1255 454 1289 me
465 1240 558 1297 similis,
566 1239 650 1295 Chloe,
662 1238 692 1289 (l.
704 1237 725 1286 1.
738 1237 805 1288 xxiii.

205 1305 263 1354 Vixi
272 1305 361 1369 puellis
369 1319 448 1368 nuper
458 1305 567 1363 idoneus,
578 1304 606 1354 C.
618 1303 671 1354 111.
681 1303 747 1357 nrt

498 1512 545 1575 II.
570 1500 850 1577 SA'PIRARUM.

206 1658 397 1709 Ambubaiarum
409 1658 517 1722 collegis,
529 1659 737 1723 pharmocopolae,
748 1659 792 1711 lib.
804 1658 826 1707 Ι.
837 1658 864 1708 ii.

207 1725 337 1787 Egressum
349 1740 439 1787 magne
450 1740 489 1772 me
500 1725 595 1786 excepit
606 1724 688 1772 Aricia
699 1724 785 1780 Romu,
799 1723 843 1772 lib.
855 1723 876 1772 1.
888 1739 912 1773 v.

207 1790 308 1852 Eupolis
319 1793 392 1852 utque
404 1789 520 1838 Cratinus
531 1789 754 1852 Aristophanesque
764 1794 858 1851 metue,
870 1788 911 1837 lib.
925 1789 946 1838 l.
957 1788 992 1840 iv.

207 1854 262 1903 Hoc
273 1858 328 1903 erat
338 1856 364 1902 in
374 1855 450 1902 votis:
468 1854 553 1903 modus
564 1855 619 1917 egri
629 1869 677 1901 non
690 1854 726 1902 ite
736 1869 847 1916 magnus,
858 1852 901 1902 lib.
913 1854 950 1904 Il.
960 1855 995 1904 vi·

208 1919 263 1968 Hoc
274 1935 376 1982 quoque,
388 1919 487 1975 Tiresia,
498 1923 595 1982 praeter
605 1922 706 1966 nurmte
717 1919 818 1981 petenti,
831 1918 872 1966 lib.
885 1918 922 1967 11.
933 1935 958 1968 v.

207 1984 278 2032 Ibam
289 1984 353 2032 iorte
364 1983 403 2031 vis
415 1984 497 2040 Sacra,
508 1984 572 2032 sicut
583 1999 652 2032 meus
663 1986 700 2032 est
712 1999 770 2039 mos,
782 1984 824 2032 lib.
837 1983 859 2031 1.
870 1983 904 2032 ix.

208 2049 225 2097 J
226 2049 358 2097 urududum
370 2049 481 2097 susculto
492 2060 518 2096 et
529 2049 629 2112 cupiens
638 2048 685 2097 tibi
697 2048 777 2097 dicere
788 2063 880 2106 mus,
891 2047 934 2097 lib.
946 2047 983 2098 Π.
994 2047 1038 2099 vii.

207 2114 302 2177 Nempe
314 2114 473 2176 incomposito
484 2114 607 2225 dixitpedc
617 2128 714 2162 currere
725 2128 816 2170 versus,
826 2112 869 2162 lib.
881 2113 902 2163 Ι.
913 2129 937 2162 x.

208 2179 264 2226 Non
276 2179 340 2241 quin,
353 2179 488 2235 Maecenas,
501 2179 537 2242 Ly
556 2194 625 2227 orum
636 2178 754 2241 quidquid
767 2178 890 2234 bltmscos,
900 2177 944 2226 lib.
956 2176 978 2226 Ι.
988 2176 1022 2228 vi.

207 2243 272 2290 Olim
284 2247 387 2292 truncus
398 2259 464 2292 erem
477 2243 587 2300 ficulnus,
599 2244 687 2292 inutile
697 2243 801 2306 liguum,
812 2243 855 2290 lib.
867 2243 889 2291 1.
899 2243 951 2291 viii.

208 2309 327 2356 Omnibus
338 2309 384 2357 boe
394 2309 485 2357 vitium
496 2314 534 2356 est
544 2309 693 2365 cantoribus,
705 2308 770 2357 inter
781 2307 878 2365 emices,
890 2307 932 2356 lib.
944 2306 966 2356 1.
976 2306 1012 2357 iii.

208 2373 343 2436 Proscripti
354 2373 429 2436 Regis
441 2372 523 2436 Rupili
535 2389 581 2436 pus
592 2379 666 2436 etque
677 2388 806 2429 vencnum,
817 2372 859 2420 lib.
871 2373 893 2421 Ι.
905 2372 946 2421 vii.

209 2437 277 2496 Quae
288 2439 366 2486 virtus
376 2445 401 2486 et
412 2443 512 2501 quanta,
523 2438 588 2495 boni,
600 2437 633 2485 sit
644 2437 725 2486 rivere
735 2453 817 2500 primo,
828 2436 871 2485 lib.
883 2436 919 2485 11.
930 2437 958 2487 ii.

138 2521 144 2530 ·
208 2502 255 2561 Qui
269 2503 452 2559 lit,'Mueceuas,
464 2508 493 2551 ιιι
504 2518 584 2560 nemo,
594 2518 667 2566 quem
677 2502 723 2550 sibi
735 2506 833 2557 sortem,
843 2502 885 2551 lib.
898 2500 920 2550 1.
930 2501 949 2551 i.

207 2567 247 2615 Sic
258 2583 313 2615 rere
325 2568 416 2623 scribis,
428 2573 458 2616 ιιι
469 2571 523 2616 ιοιι)
534 2582 582 2615 non
593 2572 680 2630 quotar
691 2581 762 2623 enno,
774 2566 816 2615 lib.
828 2566 866 2614 11.
876 2566 912 2614 iii.

208 2632 279 2687 Sunt,
292 2634 380 2695 quibus
391 2633 416 2680 iu
427 2633 504 2680 sotira
514 2632 598 2680 videor
608 2633 680 2679 nimis
690 2647 745 2680 secr
755 2635 782 2680 et
792 2632 866 2687 ultre,
878 2630 920 2679 lib.
932 2628 969 2678 11.
979 2628 997 2678 i.

208 2696 280 2744 Unde
291 2704 316 2744 et
327 2713 375 2760 quo
385 2697 492 2745 Cutius?
526 2697 582 2745 Nou
594 2701 632 2745 est
642 2696 703 2744 mihi
714 2699 810 2759 tempus
820 2696 911 2754 eventi,
922 2695 965 2746 lib.
976 2694 1014 2745 11.
1023 2694 1059 2746 iv.

208 2761 245 2810 Ut
255 2762 382 2810 Nasidieni
389 2763 457 2827 juvit
468 2767 494 2811 te
504 2776 579 2810 coeus
589 2762 663 2818 beuti,
674 2761 717 2810 lib.
729 2761 765 2811 11.
776 2760 828 2810 viii.

461 2968 528 3031 III.
552 2965 889 3031 EPISTOLARUM.

208 3118 272 3174 Albi,
284 3120 424 3166 nostrorum
435 3133 573 3166 sermonum
584 3117 687 3166 candide
693 3118 779 3182 judex,
790 3117 833 3166 lib.
845 3117 867 3166 1.
879 3117 912 3165 iv.

210 3184 279 3232 Celso
290 3183 396 3247 gaudere
407 3187 433 3231 et
443 3183 504 3231 bene
515 3199 566 3231 rem
578 3198 662 3244 gerere
673 3183 832 3238 Albinovano,
843 3183 885 3230 lib.
898 3182 920 3231 1.
931 3180 984 3233 viil.

209 3248 271 3297 Cum
283 3253 322 3296 ιοι
333 3249 452 3296 sustineas
464 3253 490 3295 ct
501 3252 572 3295 tonte
583 3248 682 3312 negotis
693 3248 764 3303 solus,
776 3247 819 3295 lib.
831 3245 867 3295 11.
878 3247 895 3294 i.

209 3312 287 3368 Flore,
299 3314 362 3360 bono
373 3312 484 3376 claroque
495 3313 573 3360 lidclis
583 3313 661 3361 amice
672 3311 771 3368 Neroni,
783 3311 825 3359 lib.
838 3311 874 3360 11.
886 3311 912 3360 ii.

211 3378 340 3426 Fructibus
350 3378 474 3440 Agrippae
486 3378 581 3433 Siculis,
593 3394 653 3441 quos
661 3378 763 3440 colligis,
775 3376 832 3432 Icci,
845 3375 976 3426 iib.1.xii.

210 3442 327 3490 Humano
337 3443 410 3506 capiti
422 3443 539 3491 cervicem
551 3443 630 3505 pictor
641 3443 762 3506 equinum,
772 3443 803 3489 A.
815 3440 844 3489 P.
957 3437 970 3453 ³

210 3507 262 3555 Juli
275 3508 352 3563 Flore,
364 3508 451 3570 quibus
462 3513 584 3556 terrerum
595 3508 687 3557 militet
697 3507 753 3563 oris,
764 3506 808 3555 lib.
819 3506 840 3554 1.
851 3505 886 3555 iii.

210 3572 249 3621 Ne
260 3573 416 3636 perconteris,
427 3572 517 3620 fundus
528 3587 604 3629 meus,
616 3573 709 3637 optime
718 3571 813 3630 Quinti,
826 3571 868 3619 lib.
880 3570 902 3619 1.
912 3569 963 3620 xvi.

209 3638 253 3685 Nil
265 3637 380 3685 admirari
390 3652 465 3700 prope
479 3652 518 3685 res
529 3641 567 3685 eat
578 3652 634 3694 unu,
646 3637 754 3692 Numici,
766 3635 807 3684 lib.
821 3636 841 3684 1.
852 3635 886 3684 vi.

211 3702 295 3750 Primo
305 3703 370 3751 dicte
380 3703 450 3759 mihi,
462 3718 556 3750 summu
567 3702 669 3751 dicende
680 3701 793 3757 Camena,
805 3701 847 3749 lib.
859 3700 881 3749 1.
891 3700 909 3749 i.

211 3767 293 3816 Prisco
304 3768 325 3814 si
336 3768 420 3824 credis,
432 3767 561 3815 Maecenas
571 3768 650 3822 docte,
661 3765 771 3822 Cratino,
782 3766 823 3814 lib.
836 3764 858 3814 1.
869 3766 918 3813 xix.

211 3832 279 3891 Quae
290 3834 323 3880 sit
333 3832 412 3880 hiems
423 3831 513 3887 Veliae,
525 3833 589 3895 quod
600 3832 701 3888 caelum,
714 3830 783 3886 Vrda,
796 3831 897 3887 Salerni,
907 3830 950 3878 lib.
961 3827 983 3878 1.
994 3843 1035 3880 xv.

211 3897 335 3956 Quamvis,
348 3898 446 3953 Seuere,
458 3897 517 3944 satis
534 3913 577 3959 per
588 3900 613 3945 te
624 3897 671 3944 tibi
680 3895 794 3951 consulis,
805 3900 831 3944 et
847 3895 900 3952 scis,
912 3894 954 3943 lib.
967 3895 988 3944 1.
999 3892 1060 3947 xvil.

212 3963 277 4021 Quid
288 3963 334 4011 tibi
345 3963 397 4010 riso
409 3962 489 4016 Chios,
504 3961 603 4018 Bullati,
615 3965 721 4024 notaque
732 3960 830 4017 Lesbos,
843 3960 886 4008 lib.
898 3959 920 4009 1.
931 3959 964 4008 xi.

212 4027 326 4091 Quinque
336 4027 388 4075 dies
399 4027 445 4075 tibi
456 4027 577 4089 pollicitus
588 4041 627 4074 mc
640 4042 697 4074 rure
708 4026 828 4079 futurum,
840 4025 883 4073 lib.
895 4023 917 4073 Ι.
929 4024 971 4073 vii.

212 4093 351 4155 Septimius,
363 4092 457 4147 Claudi,
469 4091 585 4138 nimirum
597 4091 714 4153 iutelligit
724 4105 796 4147 uuus,
807 4090 849 4138 lib.
861 4088 884 4137 1.
895 4089 928 4138 ix.

213 4157 238 4205 Si
251 4159 311 4206 bene
322 4161 347 4206 te
358 4157 423 4212 novi,
435 4160 535 4211 metues,
547 4156 669 4204 liberrime
680 4148 751 4211 Iolli,
762 4154 805 4203 lib.
818 4155 839 4203 l.
850 4154 917 4203 xviii.

214 4222 239 4269 Si
250 4227 318 4284 potes
329 4222 454 4270 Archiacis
464 4222 566 4269 conviva
576 4222 715 4269 recumbere
726 4220 803 4276 lectis,
812 4219 855 4267 lib.
868 4218 889 4267 1.
901 4234 926 4268 r.

213 4286 310 4350 'l'roJeni
322 4287 379 4335 belli
389 4288 540 4349 scriptorem,
552 4286 656 4334 maxime
668 4286 738 4343 Lolli,
749 4285 791 4333 lib.
804 4285 825 4332 1.
836 4284 862 4332 ii.

213 4350 287 4399 Urbis
298 4356 431 4399 amatorem
444 4351 549 4400 Fuscum
560 4351 652 4400 salvere
658 4350 780 4414 jubemus,
792 4349 834 4397 lib.
846 4348 867 4397 1.
879 4364 903 4397 x.

214 4416 250 4464 Ut
264 4417 454 4480 proficiscentem
467 4417 538 4465 docui
552 4420 578 4464 te
588 4431 659 4479 saepe
669 4416 767 4479 diuque,
777 4414 820 4463 lib.
831 4414 853 4462 1.
865 4413 916 4462 xiii.

214 4481 378 4530 Vertumnum
389 4481 406 4530 J
408 4497 536 4544 suumque,
547 4481 615 4538 liber,
626 4484 734 4544 spectare
744 4480 841 4536 videris,
852 4479 895 4526 lib.
906 4476 929 4525 1.
939 4491 981 4528 η.

214 4546 301 4596 Villice
311 4547 426 4596 silvorum
436 4551 462 4596 et
473 4547 534 4595 mibi
544 4561 584 4595 me
595 4544 719 4595 reddentis
729 4542 810 4610 agelli,
820 4544 864 4593 lib.
876 4543 897 4592 1.
908 4541 959 4593 xiv.
